% Probabilistic Programming

@article{AFD+02,
  author    = {Christophe Andrieu and
               Nando de Freitas and
               Arnaud Doucet and
               Michael I. Jordan},
  title     = {An Introduction to {MCMC} for Machine Learning},
  journal   = {Machine Learning},
  year      = {2003},
  volume    = {50},
  number    = {1-2},
  pages     = {5--43}
}

@inproceedings{GMR+08,
  title = {{C}hurch: a language for generative models},
  author = {Noah D. Goodman and Vikash K. Mansinghka and Daniel M. Roy and Keith Bonawitz and Joshua B. Tenenbaum},
  booktitle = {Proc. of Uncertainty in Artificial Intelligence},
  year = {2008},
}

@article{MSP14,
  author    = {Vikash K. Mansinghka and
               Daniel Selsam and
               Yura N. Perov},
  title     = {Venture: a higher-order probabilistic programming platform with programmable
               inference},
  journal   = {CoRR},
  year      = {2014},
  volume    = {abs/1404.0099},
}

@inproceedings{WVM14,
  author = {Wood, Frank and van de {Meent}, Jan Willem and Mansinghka, Vikash},
  booktitle = {Artificial Intelligence and Statistics},
  title = {A New Approach to Probabilistic Programming Inference},
  year = {2014}
}

@inproceedings{GHNR14,
  author = {Andrew D. Gordon and Thomas A. Henzinger and Aditya V. Nori and Sriram K. Rajamani},
  title = {Probabilistic Programming},
  booktitle = {International Conference on Software Engineering (ICSE, FOSE track)},
  year = {2014}
}

@inproceedings{WSG11,
  title = {Lightweight Implementations of Probabilistic Programming Languages Via Transformational Compilation},
  author = {David Wingate and Andreas Stuhlm\"uller and Noah D. Goodman},
  booktitle = {Proc. of the 14th Artificial Intelligence and Statistics},
  year = {2011}
}

@inproceedings{PWD+14,
  author = {Paige, B. and Wood, F. and Doucet, A. and Teh, Y.W.},
  booktitle = {Advances in Neural Information Processing Systems},
  title = {Asynchronous Anytime Sequential {M}onte {C}arlo},
  year = {2014}
}

% Planning and Search

@article{H06,
	author = {Helmert, Malte},
	title = {The {F}ast {D}ownward Planning System},
	journal = {J. Artif. Int. Res.},
	issue_date = {May 2006},
	volume = {26},
	number = {1},
	month = jul,
	year = {2006},
	pages = {191--246},
} 

@inproceedings{HBG05,
	author    = {Patrik Haslum and
		Blai Bonet and
			Hector Geffner},
	title     = {New Admissible Heuristics for Domain-Independent Planning},
	booktitle = {Proceedings, The Twentieth National Conference on Artificial Intelligence
		and the Seventeenth Innovative Applications of Artificial Intelligence
			Conference, July 9-13, 2005, Pittsburgh, Pennsylvania, {USA}},
	pages     = {1163--1168},
	year      = {2005}
}

@book{SB98,
	author = {Sutton, Richard S. and Barto, Andrew G.},
	title = {Introduction to Reinforcement Learning},
	year = {1998},
	isbn = {0262193981},
	edition = {1st},
	publisher = {MIT Press},
	address = {Cambridge, MA, USA},
} 
 
@article{BG01,
	author    = {Blai Bonet and
		Hector Geffner},
	title     = {Planning as heuristic search},
	journal   = {Artif. Intell.},
	volume    = {129},
	number    = {1-2},
	pages     = {5--33},
	year      = {2001},
}

@incollection{SKM14,
	title = {Optimistic Planning in Markov Decision
		Processes Using a Generative Model},
	author = {Sz\"{o}r\'{e}nyi, Bal\'{a}zs and Kedenburg,
		Gunnar and Munos, Remi},
	booktitle = {Advances in Neural Information Processing
		Systems 27},
	editor = {Z. Ghahramani and M. Welling and C. Cortes and
		N.D. Lawrence and K.Q. Weinberger},
	pages = {1035--1043},
	year = {2014},
	publisher = {Curran Associates, Inc.},
	url =
	{http://papers.nips.cc/paper/5368-optimistic-planning-in-markov-decision-processes-using-a-generative-model.pdf}
}

% Probabilistic inference

@book{P88,
	author = {Pearl, Judea},
	title = {Probabilistic Reasoning in Intelligent Systems: Networks of Plausible Inference},
	year = {1988},
	isbn = {0-934613-73-7},
	publisher = {Morgan Kaufmann Publishers Inc.},
	address = {San Francisco, CA, USA},
}

@book{L96,
	title={Graphical Models},
	author={Lauritzen, S.L.},
	isbn={9780191591228},
	year={1996},
	publisher={Clarendon Press}
}

% MCTS

@inproceedings{KS06,
  author = {Kocsis, Levente and Szepesv\'{a}ri, Csaba},
  title = {Bandit Based Monte-carlo Planning},
  booktitle = {Proceedings of the 17th European Conference on Machine Learning},
  series = {ECML'06},
  year = {2006},
  location = {Berlin, Germany},
  pages = {282--293},
} 


@article{BPE+12,
  author={Browne, C.B. and Powley, E. and Whitehouse, D. and Lucas, S.M. and Cowling, P.I. and Rohlfshagen, P. and Tavener, S. and Perez, D. and Samothrakis, S. and Colton, S.}, 
  journal={Computational Intelligence and AI in Games, IEEE Transactions on}, 
  title={A Survey of {M}onte {C}arlo Tree Search Methods}, 
  year={2012}, 
  month={March}, 
  volume={4}, 
  number={1}, 
  pages={1-43}, 
  ISSN={1943-068X},
}

% Canadian Traveller Problem

@article{PY91,
  author = {Papadimitriou, Christos H. and Yannakakis, Mihalis},
  title = {Shortest Paths Without a Map},
  journal = {Theor. Comput. Sci.},
  issue_date = {July 22, 1991},
  volume = {84},
  number = {1},
  month = jul,
  year = {1991},
  issn = {0304-3975},
  pages = {127--150},
  numpages = {24},
  url = {http://dx.doi.org/10.1016/0304-3975(91)90263-2},
  doi = {10.1016/0304-3975(91)90263-2},
  acmid = {114033},
  publisher = {Elsevier Science Publishers Ltd.},
  address = {Essex, UK},
} 

@inproceedings{BS91,
  author = {Bar-Noy, Amotz and Schieber, Baruch},
  title = {The {C}anadian Traveller Problem},
  booktitle = {Proceedings of the Second Annual {ACM-SIAM} Symposium on Discrete Algorithms},
  series = {SODA '91},
  year = {1991},
  pages = {261--270},
} 

@inproceedings{NK08,
  author = {Nikolova, Evdokia and Karger, David R.},
  title = {Route Planning Under Uncertainty: The {C}anadian Traveller Problem},
  booktitle = {Proceedings of the 23rd National Conference on Artificial Intelligence - Volume 2},
  series = {AAAI'08},
  year = {2008},
  location = {Chicago, Illinois},
  pages = {969--974},
  publisher = {AAAI Press},
}

@inproceedings{PKH10,
  author    = {Patrick Eyerich and
  Thomas Keller and
		Malte Helmert},
  title     = {High-Quality Policies for the {C}anadian Traveler's Problem},
  booktitle = {Proceedings of the Twenty-Fourth {AAAI} Conference on Artificial Intelligence,
  {AAAI} 2010, Atlanta, Georgia, USA, July 11-15, 2010},
  year      = {2010},
}

@article{FSB+13,
	author    = {Dror Fried and
		Solomon Eyal Shimony and
			Amit Benbassat
			and
			Cenny
			Wenner},
	title     = {Complexity of Canadian traveler problem
		variants},
	journal   = {Theor. Comput. Sci.},
	volume    = {487},
	pages     = {1--16},
	year      = {2013},
}

@inproceedings{BFS09,
	author = {Bnaya, Zahy and Felner, Ariel and Shimony,
		Solomon Eyal},
	booktitle = {IJCAI},
	date = {2009-10-13},
	editor = {Boutilier, Craig},
	pages = {437-442},
	title = {Canadian Traveler
		Problem with Remote
			Sensing.},
	year = 2009
}

@article{BZ09,
	title = {Percolation thresholds on two-dimensional Voronoi networks and Delaunay triangulations},
	author = {Becker, Adam M. and Ziff, Robert M.},
	journal = {Phys. Rev. E},
	volume = {80},
	issue = {4},
	pages = {041101},
	numpages = {9},
	year = {2009},
	month = {Oct},
	publisher = {American Physical Society},
}

% Inference as search

@inproceedings{SC90,
  author = {Shimony, Solomon Eyal and Charniak, Eugene},
  title = {A New Algorithm for Finding {MAP} Assignments to Belief Networks},
  booktitle = {Proceedings of the Sixth Annual Conference on Uncertainty in Artificial Intelligence},
  series = {UAI '90},
  year = {1991},
  isbn = {0-444-89264-8},
  pages = {185--196},
  numpages = {12},
  url = {http://dl.acm.org/citation.cfm?id=647233.719748},
  acmid = {719748},
  publisher = {Elsevier Science Inc.},
  address = {New York, NY, USA},
} 

@inproceedings{SDY07,
  author = {Sun, Xiaoxun and Druzdzel, Marek J. and Yuan, Changhe},
  title = {Dynamic Weighting {A}* Search-based {MAP} Algorithm for Bayesian Networks},
  booktitle = {Proceedings of the 20th International Joint Conference on Artifical Intelligence},
  series = {IJCAI'07},
  year = {2007},
  location = {Hyderabad, India},
  pages = {2385--2390},
  numpages = {6},
  url = {http://dl.acm.org/citation.cfm?id=1625275.1625660},
  acmid = {1625660},
  publisher = {Morgan Kaufmann Publishers Inc.},
  address = {San Francisco, CA, USA},
} 
